@techreport{cyganiak2014rdf,
  title={{RDF} 1.1 Concepts and Abstract Syntax},
  author={Richard Cyganiak and David Wood and Markus Lanthaler},
  year=2014,
  type={{W3C} Recommendation},
  institution={World Wide Web Consortium}
  }
  
@techreport{weibel1998dublin,
	title={Dublin Core Metadata for Resource Discovery},
	author={S. Weibel and J. Kunze and C. Lagoze and M. Wolf},
	year=198,
	type={Request for Comments},
	number=2413
	}
	
@book{fowler2010domain,
 author={Fowler, M. and Parsons, R.},
 year={2010},
 title={Domain-specific languages},
 publisher={Addison Wesley Professional}
 }
 
@incollection{wampler2008programming,
	author={Wampler, D. and Payne, A.},
	year={2008},
	booktitle={Programming Scala},
	chapter=11,
	publisher={O'Reilly}
}

@inproceedings{mccrae2015ontology,
	author={John P. McCrae and Penny Labropoulou and Jorge Gracia and Marta Villegas and Victor Rodr\'iguez Doncel and Philipp Cimiano},
	year=2015,
	title={One ontology to bind them all: The META-SHARE OWL ontology for the interoperability of linguistic datasets on the Web},
	booktitle={Proceedings of the Fourth Workshop on the Multilingual Semantic Web}
	}
	
@inproceedings{piperidis2012meta,
  title={The META-SHARE Language Resources Sharing Infrastructure: Principles, Challenges, Solutions.},
  author={Piperidis, Stelios},
  booktitle={LREC},
  pages={36--42},
  year={2012}
}

@techreport{iso30042,
title={Systems to manage terminology, knowledge and content -- {T}erm{B}ase e{X}change (TBX)},
	author={},
	year={2008},
	institution={International Organization for Standards},
	number=30042,
	type={ISO}
	}
	
@inproceedings{broeder2012cmdi,
  title={CMDI: a component metadata infrastructure},
  author={Broeder, Daan and Windhouwer, Menzo and Van Uytvanck, Dieter and Goosen, Twan and Trippel, Thorsten},
  booktitle={Describing LRs with metadata: towards flexibility and interoperability in the documentation of LR workshop programme},
  year={2012}
}
